<?xml version="1.0" encoding="UTF-8"?><collection xmlns="http://www.loc.gov/MARC21/slim"><record><leader>00463nam--2200133-i-4500</leader><controlfield tag="001">000010279</controlfield><controlfield tag="002">20161230</controlfield><controlfield tag="005">20161230201028</controlfield><controlfield tag="008">060222s1000------------r-----000-0-eng-d</controlfield><datafield ind1=" " ind2=" " tag="100"><subfield code="a">Diefallah, El-hussieny Mohamed Mohamed</subfield></datafield><datafield ind1=" " ind2=" " tag="245"><subfield code="a">Chemical effects of nuclear transformations and annealing in inorganic crystals. thesis</subfield></datafield><datafield ind1=" " ind2=" " tag="260"><subfield code="a">Urbana, Illinois, University Microfilms Inc., Ann Arbor, Michigan, 1968</subfield></datafield><datafield ind1=" " ind2=" " tag="490"><subfield code="a">Viii+165p</subfield></datafield><datafield ind1=" " ind2=" " tag="852"><subfield code="a">539.2:015:541.28:621.785</subfield></datafield></record></collection>